%-----------------------------------------------------
%
% CS-Related Conferences and Journals (Full Names)
% By: Hamid Zarrabi-Zadeh
% Last Updated: Jan 17, 2013
%
% Based on online.bib by Marek Chrobak and John Noga
%
%-----------------------------------------------------


%%%%%%%%%%%%%%%%%%%%%%%%%%%
% General
%%%%%%%%%%%%%%%%%%%%%%%%%%%


%%%%%%%%%%%%%%%%%%%%%%%%%%%
% Conferences 
%%%%%%%%%%%%%%%%%%%%%%%%%%%


%%%%%%%%%%%%%%%%%%%%%%%%%%%
% Journals
%%%%%%%%%%%%%%%%%%%%%%%%%%%

%@string{ACMcomsur    = {ACM Computing Surveys} }

%%%%%%%%%%%%%%%%%%%%%%%%%%%
% Numbers
%%%%%%%%%%%%%%%%%%%%%%%%%%%
