@online{x11,
  author       = {Statista Research Department},
  title        = {Internet of Things - Number of Connected Devices Worldwide 2015-2025},
  year         = {2019},
  url          = {https://www.statista.com/statistics/471264/iot-number-of-connected-devices-worldwide},
  note         = {Statista. \url{https://www.statista.com/statistics/471264/iot-number-of-connected-devices-worldwide} (Accessed: 2023-11-12)}
}

@article{x12,
  author       = {Homin Park and others},
  title        = {Energy-efficient Privacy Protection for Smart Home Environments using Behavioral Semantics},
  journal      = {Sensors},
  year         = {2014},
  volume       = {14},
  number       = {9},
  pages        = {16235-16257},
  doi          = {10.3390/s140916235},
}

@article{x13,
  author       = {Karen L. Courtney},
  title        = {Privacy and Senior Willingness to Adopt Smart Home Information Technology in Residential Care Facilities},
  journal      = {Methods of Information in Medicine},
  year         = {2008},
  volume       = {47},
  number       = {01},
  pages        = {76-81},
  doi          = {10.3414/ME08-01-0005},
}

@online{x211,
  author       = {C. Goyal},
  title        = {Intuition behind Correlation – Definition and its Types},
  year         = {2021},
  url          = {https://www.analyticsvidhya.com/blog/2021/04/intuition-behind-correlation-definition-and-its-types/},
  note         = {Statista. \url{https://www.analyticsvidhya.com/blog/2021/04/intuition-behind-correlation-definition-and-its-types/}(Accessed: 2023-11-12)},
}

@article{x212,
  author       = {J.-y. Hong and E.-h. Suh and S.-J. Kim},
  title        = {Context-aware Systems: A Literature Review and Classification},
  journal      = {Expert Systems with Applications},
  year         = {2009},
  volume       = {36},
  number       = {4},
  pages        = {8509–8522},
}

@article{x213,
  author       = {N. D. Rodriguez and M. P. Cuellar and J. Lilius and M. D. Calvo-Flores},
  title        = {A Survey on Ontologies for Human Behavior Recognition},
  journal      = {ACM Computing Surveys (CSUR)},
  year         = {2014},
  volume       = {46},
  number       = {4},
  pages        = {1–33},
}

@inproceedings{x2147777,
  author       = {R. Yasaei and F. Hernandez and M. A. A. Faruque},
  title        = {IoT-CAD: Context-aware Adaptive Anomaly Detection in IoT Systems through Sensor Association},
  booktitle    = {Proceedings of the 39th International Conference on Computer-Aided Design},
  year         = {2020},
  pages        = {1–9},
}

@inproceedings{x221,
  author       = {J. Mattioli and G. Pedroza and S. Khalfaoui and B. Leroy},
  title        = {Combining Data-driven and Knowledge-based AI Paradigms for Engineering AI-based Safety-critical Systems},
  booktitle    = {Workshop on Artificial Intelligence Safety (SafeAI)},
  year         = {2022},
}
@article{x222,
  author       = {W. Wang and Y. Yang},
  title        = {Towards Data- and Knowledge-driven Artificial Intelligence: A Survey on Neuro-symbolic Computing},
  journal      = {arXiv preprint arXiv:2210.15889},
  year         = {2022},
}

@online{x231,
  author       = {N. F. Noy and D. L. McGuinness},
  title        = {Ontology Development 101: A Guide to Creating Your First Ontology},
  year         = {2001},
  url          = {https://protege.stanford.edu/publications/ontology_development/ontology101-noy-mcguinness.html},
  note         = {Accessed: 2023-11-12},
}

@article{x232,
  author       = {Garvita Bajaj and others},
  title        = {A Study of Existing Ontologies in the IoT-Domain},
  journal      = {arXiv preprint arXiv:1707.00112},
  year         = {2017},
}

@article{x232Z10,
  author = {Compton, Michael and Barnaghi, Payam and Bermudez, Luis and Garcia-Castro, Raúl and Corcho, Oscar and Cox, Simon and Graybeal, John and Hauswirth, Manfred and Henson, Cory and Herzog, Arthur and others},
  title = {The SSN Ontology of the W3C Semantic Sensor Network Incubator Group},
  journal = {Web Semantics: Science, Services and Agents on the World Wide Web},
  year = {2012},
}

@inproceedings{x232Z11,
  author={L. Xue and Y. Liu and P. Zeng and H. Yu and Z. Shi},
  booktitle={Information and Automation, 2015 IEEE International Conference on},
  title={An Ontology based Scheme for Sensor Description in Context Awareness System},
  year={2015},
  organization={IEEE},
  pages={817--820}
}

@inproceedings{x232Z12,
  author={A. Gyrard and S. K. Datta and C. Bonnet and K. Boudaoud},
  booktitle={Globecom Workshops (GC Wkshps), 2014},
  title={Standardizing generic cross-domain applications in internet of things},
  year={2014},
  organization={IEEE},
  pages={589--594}
}

@inproceedings{x232Z13,
  author={D. J. Russomanno and C. Kothari and O. Thomas},
  booktitle={Proceedings of the Thirty-Seventh Southeastern Symposium on System Theory, 2005. SSST’05.},
  title={Sensor Ontologies: from Shallow to Deep models},
  year={2005},
  organization={IEEE},
  pages={107--112}
}

@inproceedings{x232Z14,
  author={I. Niles and A. Pease},
  booktitle={Proceedings of the international conference on Formal Ontology in Information SystemsVolume 2001},
  title={Towards a standard upper ontology},
  year={2001},
  organization={ACM},
  pages={2--9}
}

@inproceedings{x232Z15,
  author={P. Hirmer and M. Wieland and U. Breitenb{\"u}cher and B. Mitschang},
  editor={J. Pokorn{\'y} and M. Ivanovi{\'c} and B. Thalheim and P. Saloun},
  booktitle={Advances in Databases and Information Systems: 20th East European Conference, ADBIS 2016, Lecture Notes in Computer Science, Vol. 9809},
  title={Dynamic Ontology-Based Sensor Binding},
  year={2016},
  publisher={Springer International Publishing},
  address={Cham},
  pages={323--337}
}

@inproceedings{x232Z16,
  author={Y. Shi and G. Li and X. Zhou and X. Zhang},
  booktitle={Internet of Things},
  title={Sensor Ontology Building in Semantic Sensor Web},
  year={2012},
  publisher={Springer},
  pages={277--284}
}

@misc{x232Z17,
  author={L. Daniele and F. den Hartog and J. Roes},
  title={Study on Semantic Assets for Smart Appliances Interoperability},
  year={2015}
}

@inproceedings{x232Z18,
  author={L. Daniele and M. Solanki and F. den Hartog and J. Roes},
  booktitle={International Semantic Web Conference},
  title={Interoperability for Smart Appliances in the IoT World},
  year={2016},
  publisher={Springer},
  pages={21--29}
}

@inproceedings{x232Z19,
  author={S. Dey and R. Dasgupta},
  booktitle={Pervasive Computing and Communications Workshops (PERCOM Workshops)},
  title={Sensor Knowledge Representation with Spatiotemporal Annotation: An Energy Sensor Ontology use case},
  year={2014},
  organization={IEEE},
  pages={455--459}
}

@inproceedings{x232Z1A,
  author={B. Balaji and A. Bhattacharya and G. Fierro and J. Gao and J. Gluck and D. Hong and A. Johansen and J. Koh and J. Ploennigs and Y. Agarwal, et al.},
  booktitle={Proceedings of the ACM International Conference on Embedded Systems for Energy-Efficient Built Environments (BuildSys)},
  title={Brick: Towards a Unified Metadata Schema for Buildings},
  year={2016},
  organization={ACM}
}

@inproceedings{x232Z1,
  author       = {Sara Hachem and Thiago Teixeira and Valérie Issarny},
  title        = {Ontologies for the Internet of Things},
  booktitle    = {Proceedings of the 8th Middleware Doctoral Symposium},
  year         = {2011},
}

@article{x232Z21,
  author={C. Perera and A. Zaslavsky and P. Christen and D. Georgakopoulos},
  journal={IEEE Communications Surveys \& Tutorials},
  title={Context Aware Computing for the Internet of Things: A survey},
  volume={16},
  number={1},
  year={2014},
  pages={414--454}
}

@article{x232Z22,
  author={M. Baldauf and S. Dustdar and F. Rosenberg},
  journal={International Journal of Ad Hoc and Ubiquitous Computing},
  title={A Survey on Context-Aware Systems},
  volume={2},
  number={4},
  year={2007},
  pages={263--277}
}

@article{x232Z23,
  author={H. Chen and T. Finin and A. Joshi},
  journal={The Knowledge Engineering Review},
  title={An ontology for Context-Aware Pervasive Computing Environments},
  volume={18},
  number={03},
  year={2003},
  pages={197--207}
}

@inproceedings{x232Z24,
  author={S. I. Kim and H. S. Kim},
  booktitle={2015 International Conference on Information Networking (ICOIN)},
  title={Ontology based Location Reasoning Method using Smart Phone data},
  year={2015},
  organization={IEEE},
  pages={509--514}
}

@article{x232Z25,
  author={G. Okeyo and L. Chen and H. Wang and R. Sterritt},
  journal={Pervasive and Mobile Computing},
  title={Dynamic Sensor Data Segmentation for Real-time Knowledge-driven Activity Recognition},
  volume={10},
  number={Part B},
  year={2014},
  pages={155--172}
}

@article{x232Z26,
  author={I.-H. Bae},
  journal={Future Generation Computer Systems},
  title={An Ontology-based approach to {ADL} Recognition in Smart Homes},
  volume={33},
  year={2014},
  pages={32--41}
}

@article{x232Z27,
  author={K. Lee and J. Lee and M.-P. Kwan},
  journal={Computers, Environment and Urban Systems},
  title={Location-based Service using Ontology-based Semantic Queries: A study with a focus on Indoor Activities in a University Context},
  volume={62},
  year={2017},
  pages={41--52}
}

@inproceedings{x232Z2,
  author       = {Liming Chen and Chris Nugent and Ahmad Al-Bashrawi},
  title        = {Semantic Data Management for Situation-aware Assistance in Ambient Assisted Living},
  booktitle    = {Proceedings of the 11th International Conference on Information Integration and Web-based Applications \& Services},
  year         = {2009},
}

@inproceedings{x232Z31,
  author={T. Flury and G. Privat and F. Ramparany},
  booktitle={Proceedings of the Artificial Intelligence in Mobile Systems (AIMS 2004)},
  title={OWL-based location ontology for context-aware services},
  year={2004},
  pages={52--57}
}

@inproceedings{x232Z32,
  author={S. I. Kim and H. S. Kim},
  booktitle={Information Networking (ICOIN), 2015 International Conference on},
  title={Ontology based Location Reasoning method using Smart Phone Data},
  year={2015},
  organization={IEEE},
  pages={509--514}
}

@article{x232Z33,
  author={B. Szász and R. Fleiner and A. Micsik},
  title={iLOC–Building Indoor Navigation Services using Linked Data},
  journal={Add journal name here},
  year={Add year here},
  pages={Add pages here}
}

@article{x232Z3,
  author       = {Liming Chen and Chris D. Nugent and Hui Wang},
  title        = {A Knowledge-driven Approach to Activity Recognition in Smart Homes},
  journal      = {IEEE Transactions on Knowledge and Data Engineering},
  volume       = {24},
  number       = {6},
  pages        = {961-974},
  year         = {2011},
}

@misc{x232Z30,
  author = {Brickley, Dan},
  title = {Basic Geo (WGS84 lat/long) Vocabulary},
  howpublished = {Documento informal escrito en colaboración},
  year = {2003},
}

@techreport{x232Z40,
  author={R. Fikes and Q. Zhou},
  title={A Reusable Time Ontology},
  institution={Tech. rep.},
  year={2000}
}

@inproceedings{x232Z41,
  author={J. Pustejovsky and J. Castaño and R. Ingria and R. Saurí and R. Gaizauskas and A. Setzer and G. Katz},
  booktitle={Fifth International Workshop on Computational Semantics},
  title={TimeML: Robust Specification of Event and Temporal Expressions in Text},
  year={2003},
  pages={28--34}
}

@inproceedings{x232Z42,
  author={S. Dey and R. Dasgupta},
  booktitle={IEEE International Conference on Pervasive Computing and Communication Workshops (PERCOM WORKSHOPS)},
  title={Sensor Knowledge Representation with Spatio-Temporal Annotation: An Energy sensor ontology use case},
  year={2014},
  organization={IEEE},
  address={Budapest},
  pages={455--459}
}

@article{x232Z43,
  author={C. Zhang and C. Cao and Y. Sui and X. Wu},
  journal={Knowledge-Based Systems},
  title={A Chinese Time Ontology for the Semantic Web},
  volume={24},
  number={7},
  year={2011},
  pages={1057--1074}
}

@article{x232Z4,
  author       = {Jerry R. Hobbs and Feng Pan},
  title        = {An Ontology of Time for the Semantic Web},
  journal      = {ACM Transactions on Asian Language Information Processing (TALIP)},
  volume       = {3},
  number       = {1},
  pages        = {66-85},
  year         = {2004},
}

@book{x233,
  author       = {E. R. Harold},
  title        = {Effective XML: 50 Specific Ways to Improve Your XML},
  year         = {2004},
  publisher    = {Addison-Wesley Professional},
}

@misc{x234,
  author       = {{World Wide Web Consortium} and others},
  title        = {RDF 1.1 Concepts and Abstract Syntax},
  year         = {2014},
}

@article{x235,
  author       = {A. Gomez-Perez and O. Corcho},
  title        = {Ontology Languages for the Semantic Web},
  journal      = {IEEE Intelligent Systems},
  volume       = {17},
  number       = {1},
  pages        = {54–60},
  year         = {2002},
}

@techreport{x236,
  author       = {D. L. McGuinness and F. Van Harmelen and others},
  title        = {OWL Web Ontology Language Overview},
  institution  = {W3C Recommendation},
  volume       = {10},
  number       = {10},
  year         = {2004},
}

@techreport{x236Z,
  author       = {B. Motik and P. F. Patel-Schneider and B. Parsia and others},
  title        = {OWL 2 Web Ontology Language: Structural Specification and Functional-Style Syntax},
  institution  = {W3C Recommendation},
  volume       = {27},
  number       = {65},
  pages        = {159},
  year         = {2009},
}

@techreport{x237,
  author       = {I. Horrocks and P. F. Patel-Schneider and H. Boley and others},
  title        = {SWRL: A Semantic Web Rule Language Combining OWL and RuleML},
  institution  = {W3C Member Submission},
  volume       = {21},
  number       = {79},
  pages        = {1–31},
  year         = {2004},
}

@online{x241,
  author  = {TechTarget},
  title   = {Association Rules in Data Mining},
  url          = {https://www.techtarget.com/searchbusinessanalytics/definition/association-rules-in-data-mining},
  note         = {Statista. \url{https://www.techtarget.com/searchbusinessanalytics/definition/association-rules-in-data-mining} (Accessed: 2023-03-20)}
}

@inproceedings{x251,
  author       = {W. Zhou and Y. Jia and Y. Yao and L. Zhu and L. Guan and Y. Mao and P. Liu and Y. Zhang},
  title        = {Discovering and Understanding the Security Hazards in the Interactions between IoT Devices, Mobile Apps, and Clouds on Smart Home Platforms},
  booktitle    = {28th USENIX Security Symposium (USENIX Security 19)},
  year         = {2019},
  pages        = {1133--1150},
}

@article{x252,
  author       = {Z. Wang and D. Liu and Y. Sun and X. Pang and P. Sun and F. Lin and J. C. Lui and K. Ren},
  title        = {A Survey on IoT-enabled Home Automation Systems: Attacks and Defenses},
  journal      = {IEEE Communications Surveys \& Tutorials},
  year         = {2022},
}

@online{x261,
  title        = {{IFTTT - connect your apps}},
  url          = {https://ifttt.com/},
  note         = {\url{https://ifttt.com/} (Accessed: 2023-10-01)}
}

@online{x262,
  title        = {{SmartThings}},
  url          = {https://www.smartthings.com/},
  note         = {\url{https://www.smartthings.com/} (Accessed: 2023-10-01)}
}

@online{x263,
  title        = {{openHAB}},
  url          = {https://www.openhab.org/},
  note         = {\url{https://www.openhab.org/} (Accessed: 2023-10-01)}
}

@online{x264,
  title        = {{Easier automation, bigger impact}},
  url          = {https://zapier.com/},
  note         = {\url{https://zapier.com/} (Accessed: 2023-10-01)}
}

@online{x265,
  title        = {{Home app}},
  url          = {https://www.apple.com/home-app/},
  note         = {\url{https://www.apple.com/home-app/} (Accessed: 2023-10-01)}
}

@online{x266,
  title        = {{Power automate}},
  url          = {https://powerautomate.microsoft.com/en-us/},
  note         = {\url{https://powerautomate.microsoft.com/en-us/} (Accessed: 2023-10-01)}
}

@article{x267,
  author       = {I. Zavalyshyn and A. Legay and A. Rath and E. Riviere},
  title        = {{SoK: privacy-enhancing smart home hubs}},
  journal      = {Proceedings on Privacy Enhancing Technologies},
  volume       = {4},
  pages        = {24--43},
  year         = {2022},
}

@article{x301,
  author       = {Gaofeng Zhang and Xiao Liu and Yun Yang},
  title        = {Time-series Pattern Based Effective Noise Generation for Privacy Protection on Cloud},
  journal      = {IEEE Transactions on Computers},
  volume       = {64},
  number       = {5},
  pages        = {1456-1469},
  year         = {2014},
}

@inproceedings{x3111,
  author       = {Moon, Yang-Sae and others},
  title        = {Publishing Time-series Data under Preservation of Privacy and Distance Orders},
  booktitle    = {Database and Expert Systems Applications: 21th International Conference, DEXA 2010, Bilbao, Spain, August 30-September 3, 2010, Proceedings, Part II},
  volume       = {21},
  publisher    = {Springer Berlin Heidelberg},
  year         = {2010},
}

@article{x3112,
  author       = {Yin, Chunyong and others},
  title        = {Improved Collaborative Filtering Recommendation Algorithm Based on Differential Privacy Protection},
  journal      = {The Journal of Supercomputing},
  volume       = {76},
  year         = {2020},
  pages        = {5161-5174},
}

@inproceedings{x3113,
  author       = {Rastogi, Vibhor and Nath, Suman},
  title        = {Differentially Private Aggregation of Distributed Time-series with Transformation and Encryption},
  booktitle    = {Proceedings of the 2010 ACM SIGMOD International Conference on Management of Data},
  year         = {2010},
}

@article{x3114,
  author       = {Masood, Rahat and others},
  title        = {Privacy Preserving Release of Mobile Sensor Data},
  journal      = {arXiv preprint arXiv:2205.06641},
  year         = {2022},
}

@article{x3115,
  author       = {Kargupta, Hillol and others},
  title        = {Random-data Perturbation Techniques and Privacy-preserving Data Mining},
  journal      = {Knowledge and Information Systems},
  volume       = {7},
  year         = {2005},
  pages        = {387-414},
}

@article{x3116,
  author       = {Zheng, Dan and others},
  title        = {An Enhanced Differential Private Protection Method Based on Adaptive Iterative Wiener Filtering in Discrete Time Series},
  journal      = {International Journal of Network Security},
  volume       = {23},
  number       = {2},
  year         = {2021},
  pages        = {351-358},
}

@inproceedings{x3121,
  author       = {Michaela Götz and Suman Nath and Johannes Gehrke},
  title        = {Maskit: Privately Releasing User Context Streams for Personalized Mobile Applications},
  booktitle    = {Proceedings of the 2012 ACM SIGMOD International Conference on Management of Data},
  year         = {2012},
}

@misc{x3121Z,
  author       = {Y. Chen and M. Alhanahnah and A. Sabelfeld and R. Chatterjee and E. Fernandes},
  title        = {Practical Data Access Minimization in Trigger-Action Platforms},
  year         = {2022},
  howpublished = {Online},
  url          = {https://github.com/EarlMadSec/minTAP},
}

@article{x3131,
  author       = {Seyed Ali Osia and others},
  title        = {A Hybrid Deep Learning Architecture for Privacy-preserving Mobile Analytics},
  journal      = {IEEE Internet of Things Journal},
  volume       = {7},
  number       = {5},
  pages        = {4505-4518},
  year         = {2020},
}

@inproceedings{x3132,
  author       = {Murat A. Erdogdu and Nadia Fawaz and Andrea Montanari},
  title        = {Privacy-Utility Trade-Off for Time-Series with Application to Smart-Meter Data},
  booktitle    = {AAAI Workshop: Computational Sustainability},
  year         = {2015},
}

@inproceedings{x3141,
  author       = {Nazir Saleheen and others},
  title        = {mSieve: Differential Behavioral Privacy in Time Series of Mobile Sensor Data},
  booktitle    = {Proceedings of the 2016 ACM International Joint Conference on Pervasive and Ubiquitous Computing},
  year         = {2016},
}

@article{x3142,
  author       = {Mohammad Malekzadeh and Richard G. Clegg and Hamed Haddadi},
  title        = {Replacement Autoencoder: A Privacy-preserving Algorithm for Sensory Data Analysis},
  journal      = {arXiv preprint arXiv:1710.06564},
  year         = {2017},
}

@article{x320,
  author = {Ni, Qin and Pau de la Cruz, Iván and García Hernando, Ana Belén},
  title = {A foundational ontology-based model for human activity representation in smart homes},
  journal = {Journal of Ambient Intelligence and Smart Environments},
  year = {2016},
}

@inproceedings{x3211,
  author       = {E. M. Tapia and S. S. Intille and K. Larson},
  title        = {Activity Recognition in the Home Using Simple and Ubiquitous Sensors},
  booktitle    = {International Conference on Pervasive Computing},
  publisher    = {Springer},
  year         = {2004},
  pages        = {158–175},
}

@article{x3212,
  author       = {P. Rashidi and D. J. Cook},
  title        = {Keeping the Resident in the Loop: Adapting the Smart Home to the User},
  journal      = {IEEE Transactions on Systems, Man, and Cybernetics-Part A: Systems and Humans},
  volume       = {39},
  number       = {5},
  pages        = {949–959},
  year         = {2009},
}

@inproceedings{x3213,
  author       = {T. van Kasteren and B. Krose},
  title        = {Bayesian Activity Recognition in Residence for Elders},
  booktitle    = {2007 3rd IET International Conference on Intelligent Environments},
  publisher    = {IET},
  year         = {2007},
  pages        = {209–212},
}

@article{x3214,
  author       = {J. Boger and others},
  title        = {A Planning System Based on Markov Decision Processes to Guide People with Dementia Through Activities of Daily Living},
  journal      = {IEEE Transactions on Information Technology in Biomedicine},
  volume       = {10},
  number       = {2},
  pages        = {323–333},
  year         = {2006},
}

@inproceedings{x3215,
  author       = {X. Meng and others},
  title        = {Human Driving Behavior Recognition Based on Hidden Markov Models},
  booktitle    = {2006 IEEE International Conference on Robotics and Biomimetics},
  publisher    = {IEEE},
  year         = {2006},
  pages        = {274–279},
}

@article{x3216,
  author       = {D. Zhang and others},
  title        = {Modeling Individual and Group Actions in Meetings with Layered HMMs},
  journal      = {IEEE Transactions on Multimedia},
  volume       = {8},
  number       = {3},
  pages        = {509–520},
  year         = {2006},
}

@inproceedings{x3217,
  author       = {T. L. van Kasteren and others},
  title        = {Hierarchical Activity Recognition Using Automatically Clustered Actions},
  booktitle    = {Ambient Intelligence: Second International Joint Conference on AmI 2011},
  publisher    = {Springer},
  year         = {2011},
  pages        = {82–91},
}

@article{x3218,
  author       = {J. Hoey and others},
  title        = {Rapid Specification and Automated Generation of Prompting Systems to Assist People with Dementia},
  journal      = {Pervasive and Mobile Computing},
  volume       = {7},
  number       = {3},
  pages        = {299–318},
  year         = {2011},
}

@inproceedings{x3219,
  author       = {M. Brand and others},
  title        = {Coupled Hidden Markov Models for Complex Action Recognition},
  booktitle    = {Proceedings of IEEE Computer Society Conference on Computer Vision and Pattern Recognition},
  publisher    = {IEEE},
  year         = {1997},
  pages        = {994–999},
}

@inproceedings{x321a,
  author       = {L. Bao and S. S. Intille},
  title        = {Activity Recognition from User-Annotated Acceleration Data},
  booktitle    = {International Conference on Pervasive Computing},
  publisher    = {Springer},
  year         = {2004},
  pages        = {1–17},
}

@article{x321b,
  author       = {O. Brdiczka and others},
  title        = {Learning Situation Models in a Smart Home},
  journal      = {IEEE Transactions on Systems, Man, and Cybernetics, Part B (Cybernetics)},
  volume       = {39},
  number       = {1},
  pages        = {56–63},
  year         = {2008},
}

@article{x321c,
  author       = {U. Maurer and others},
  title        = {Location and Activity Recognition Using eWatch: A Wearable Sensor Platform},
  journal      = {Ambient Intelligence in Everyday Life: Foreword by Emile Aarts},
  pages        = {86–102},
  year         = {2006},
}

@inproceedings{x321d,
  author       = {L. Liao and others},
  title        = {Hierarchical Conditional Random Fields for GPS-based Activity Recognition},
  booktitle    = {Robotics Research: Results of the 12th International Symposium ISRR},
  publisher    = {Springer},
   year         = {2007},
  pages        = {487–506},
}

@inproceedings{x321e,
  author       = {J. Lester and others},
  title        = {A Hybrid Discriminative/Generative Approach for Modeling Human Activities},
  booktitle    = {Proceedings of the 19th International Joint Conference on Artificial Intelligence},
  year         = {2005},
  pages        = {766–772},
}

@techreport{x321f,
  author       = {D. H. Wilson and D. Wyatt and M. Philipose},
  title        = {Using Context History for Data Collection in the Home},
  institution  = {Cognitive Science Research Paper-University Of SUSSEX CSRP},
  number       = {577},
  year         = {2005},
  pages        = {17},
}

@inproceedings{x321g,
  author       = {U. Maurer and others},
  title        = {Activity Recognition and Monitoring Using Multiple Sensors on Different Body Positions},
  booktitle    = {International Workshop on Wearable and Implantable Body Sensor Networks (BSN’06)},
  publisher    = {IEEE},
  year         = {2006},
}

@article{x321h,
  author       = {M. Delgado and M. Ros and M. A. Vila},
  title        = {Correct Behavior Identification System in a Tagged World},
  journal      = {Expert Systems with Applications},
  volume       = {36},
  number       = {6},
  pages        = {9899–9906},
  year         = {2009},
}

@article{x321i,
  author       = {M. Ermes and others},
  title        = {Detection of Daily Activities and Sports with Wearable Sensors in Controlled and Uncontrolled Conditions},
  journal      = {IEEE Transactions on Information Technology in Biomedicine},
  volume       = {12},
  number       = {1},
  pages        = {20–26},
  year         = {2008},
}

@inproceedings{x3221,
  author       = {M. Perkowitz and M. Philipose and K. Fishkin and D. J. Patterson},
  title        = {Mining Models of Human Activities from the Web},
  booktitle    = {Proceedings of the 13th International Conference on World Wide Web},
  year         = {2004},
  pages        = {573–582},
}

@inproceedings{x3222,
  author       = {E. M. Tapia and T. Choudhury and M. Philipose},
  title        = {Building Reliable Activity Models Using Hierarchical Shrinkage and Mined Ontology},
  booktitle    = {International Conference on Pervasive Computing},
  publisher    = {Springer},
  year         = {2006},
  pages        = {17–32},
}

@article{x3223,
  author       = {P. Palmes and H. K. Pung and T. Gu and W. Xue and S. Chen},
  title        = {Object Relevance Weight Pattern Mining for Activity Recognition and Segmentation},
  journal      = {Pervasive and Mobile Computing},
  volume       = {6},
  number       = {1},
  pages        = {43–57},
  year         = {2010},
}

@article{x3224,
  author       = {H. K. Ngankam and H. Pigot and S. Giroux},
  title        = {OntoDomus: A Semantic Model for Ambient Assisted Living System Based on Smart Homes},
  journal      = {Electronics},
  volume       = {11},
  number       = {7},
  pages        = {1143},
  year         = {2022},
}

@article{x3225,
  author       = {I.-H. Bae},
  title        = {An Ontology-based Approach to ADL Recognition in Smart Homes},
  journal      = {Future Generation Computer Systems},
  volume       = {33},
  pages        = {32–41},
  year         = {2014},
}

@inproceedings{x3226,
  author       = {K. Wongpatikaseree and others},
  title        = {Activity Recognition Using Context-aware Infrastructure Ontology in Smart Home Domain},
  booktitle    = {2012 Seventh International Conference on Knowledge, Information and Creativity Support Systems},
  publisher    = {IEEE},
  year         = {2012},
  pages        = {50–57},
}

@article{x3227,
  author       = {L. Chen and C. D. Nugent and H. Wang},
  title        = {A Knowledge-driven Approach to Activity Recognition in Smart Homes},
  journal      = {IEEE Transactions on Knowledge and Data Engineering},
  volume       = {24},
  number       = {6},
  pages        = {961–974},
  year         = {2011},
}

@article{x3228,
  author       = {N. D. Rodriguez and others},
  title        = {A Fuzzy Ontology for Semantic Modelling and Recognition of Human Behaviour},
  journal      = {Knowledge-Based Systems},
  volume       = {66},
  pages        = {46–60},
  year         = {2014},
}

@article{x3229,
  author       = {D. Riboni and C. Bettini},
  title        = {OWL 2 Modeling and Reasoning with Complex Human Activities},
  journal      = {Pervasive and Mobile Computing},
  volume       = {7},
  number       = {3},
  pages        = {379–395},
  year         = {2011},
}

@article{x322a,
  author       = {L. Chen and C. Nugent},
  title        = {Ontology-based Activity Recognition in Intelligent Pervasive Environments},
  journal      = {International Journal of Web Information Systems},
  volume       = {5},
  number       = {4},
  pages        = {410–430},
  year         = {2009},
}

@inproceedings{x322b,
  author       = {D. Riboni and others},
  title        = {Is Ontology-based Activity Recognition Really Effective?},
  booktitle    = {2011 IEEE International Conference on Pervasive Computing and Communications Workshops},
  publisher    = {IEEE},
  year         = {2011},
  pages        = {427–431},
}

@article{x322c,
  author       = {S. Zhang and P. McCullagh and C. Nugent and H. Zheng and N. Black},
  title        = {An Ontological Framework for Activity Monitoring and Reminder Reasoning in an Assisted Environment},
  journal      = {Journal of Ambient Intelligence and Humanized Computing},
  volume       = {4},
  pages        = {157–168},
  year         = {2013},
}

@inproceedings{x322d,
  author    = {L. Chen and C. Nugent and A. Al-Bashrawi},
  title     = {Semantic Data Management for Situation-Aware Assistance in Ambient Assisted Living},
  booktitle = {Proceedings of the 11th International Conference on Information Integration and Web-Based Applications \& Services},
  year      = {2009},
  pages     = {298–305}
}

@article{x322e,
  author       = {G. Okeyo and L. Chen and H. Wang},
  title        = {Combining Ontological and Temporal Formalisms for Composite Activity Modelling and Recognition in Smart Homes},
  journal      = {Future Generation Computer Systems},
  volume       = {39},
  pages        = {29–43},
  year         = {2014},
}

@inproceedings{x322f,
  author       = {G. Meditskos and others},
  title        = {Ontology Patterns for Complex Activity Modelling},
  booktitle    = {Theory, Practice, and Applications of Rules on the Web: 7th International Symposium, RuleML 2013},
  publisher    = {Springer},
  year         = {2013},
  pages        = {144–157},
}

@article{x3231,
  author       = {D. Riboni and C. Bettini},
  title        = {COSAR: Hybrid Reasoning for Context-aware Activity Recognition},
  journal      = {Personal and Ubiquitous Computing},
  volume       = {15},
  pages        = {271–289},
  year         = {2011},
}

@inproceedings{x3232,
  author       = {L. Chen and G. Okeyo and H. Wang and R. Sterritt and C. Nugent},
  title        = {A Systematic Approach to Adaptive Activity Modeling and Discovery in Smart Homes},
  booktitle    = {2011 4th International Conference on Biomedical Engineering and Informatics (BMEI)},
  publisher    = {IEEE},
  volume       = {4},
  year         = {2011},
  pages        = {2192–2196},
}

@article{x3233,
  author       = {L. Chen and C. Nugent and G. Okeyo},
  title        = {An Ontology-based Hybrid Approach to Activity Modeling for Smart Homes},
  journal      = {IEEE Transactions on Human-Machine Systems},
  volume       = {44},
  number       = {1},
  pages        = {92–105},
  year         = {2013},
}

@article{x3234,
  author       = {A. S. A. Sukor and A. Zakaria and N. A. Rahim and L. M. Kamarudin and R. Setchi and H. Nishizaki},
  title        = {A Hybrid Approach of Knowledge-driven and Data-driven Reasoning for Activity Recognition in Smart Homes},
  journal      = {Journal of Intelligent \& Fuzzy Systems},
  volume       = {36},
  number       = {5},
  pages        = {4177–4188},
  year         = {2019},
}

@article{x3235,
  author       = {K. Gayathri and K. Easwarakumar and S. Elias},
  title        = {Probabilistic Ontology Based Activity Recognition in Smart Homes Using Markov Logic Network},
  journal      = {Knowledge-Based Systems},
  volume       = {121},
  pages        = {173–184},
  year         = {2017},
}

@inproceedings{x3236,
  author       = {D. Riboni and T. Sztyler and G. Civitarese and H. Stuckenschmidt},
  title        = {Unsupervised Recognition of Interleaved Activities of Daily Living through Ontological and Probabilistic Reasoning},
  booktitle    = {Proceedings of the 2016 ACM International Joint Conference on Pervasive and Ubiquitous Computing},
  year         = {2016},
  pages        = {1–12},
}

@article{x3237,
  author       = {C. Bettini and G. Civitarese and R. Presotto},
  title        = {Caviar: Context-driven Active and Incremental Activity Recognition},
  journal      = {Knowledge-Based Systems},
  volume       = {196},
  pages        = {105816},
  year         = {2020},
}

@online{x3301,
  title        = {The 15 biggest data breaches of the 21st century | cso online},
  url          = {https://www.csoonline.com/article/2130877/the-biggest-data-breaches-of-the-21st-century.html},
  note         = {\url{https://www.csoonline.com/article/2130877/the-biggest-data-breaches-of-the-21st-century.html} (Accessed: 2023-04-15)}
}

@online{x3302,
  title        = {World’s biggest data breaches \& hacks — information is beautiful},
  url          = {https://www.informationisbeautiful.net/visualizations/worlds-biggest-data-breaches-hacks/},
  note         = {\url{https://www.informationisbeautiful.net/visualizations/worlds-biggest-data-breaches-hacks/} (Accessed: 2023-04-15)}
}

@online{x3303,
  title        = {Privacy policy - smartthings},
  url          = {https://www.smartthings.com/privacy},  
  note         = {\url{https://www.smartthings.com/privacy}(Accessed: 2023-04-15)}
}

@online{x3304,
  title        = {Privacy policy - ifttt},
  url          = {https://ifttt.com/terms},
  note         = {\url{https://ifttt.com/terms}(Accessed: 2023-04-15)}
}

@article{x3311,
  author       = {R. Xu and Q. Zeng and L. Zhu and H. Chi and X. Du and M. Guizani},
  title        = {Privacy Leakage in Smart Homes and Its Mitigation: Ifttt as a Case Study},
  journal      = {IEEE Access},
  volume       = {7},
  pages        = {63457-63471},
  year         = {2019}
}

@article{x3312,
  author       = {H. Chi and Q. Zeng and X. Du and L. Luo},
  title        = {Pfirewall: Semantics-aware Customizable Data Flow Control for Smart Home Privacy Protection},
  eprint       = {arXiv:2101.10522},
  year         = {2021}
}

@inproceedings{x3321,
  author       = {Y.-H. Chiang and H.-C. Hsiao and C.-M. Yu and T. H.-J. Kim},
  title        = {On the Privacy Risks of Compromised Trigger-Action Platforms},
  booktitle    = {European Symposium on Research in Computer Security},
  pages        = {251--271},
  publisher    = {Springer},
  year         = {2020}
}

@inproceedings{x3322,
  author       = {Y. Chen and A. R. Chowdhury and R. Wang and A. Sabelfeld and R. Chatterjee and E. Fernandes},
  title        = {Data Privacy in Trigger-Action Systems},
  booktitle    = {2021 IEEE Symposium on Security and Privacy (SP)},
  pages        = {501--518},
  publisher    = {IEEE},
  year         = {2021}
}

@inproceedings{x3331,
  author       = {I. Zavalyshyn and N. Santos and R. Sadre and A. Legay},
  title        = {My House, My Rules: A Private-by-Design Smart Home Platform},
  booktitle    = {EAI MobiQuitous},
  year         = {2020}
}

@article{x3332,
  author       = {S. Schoettler and A. Thompson and R. Gopalakrishna and T. Gupta},
  title        = {Walnut: A Low-Trust Trigger-Action Platform},
  eprint       = {arXiv:2009.12447},
  year         = {2020}
}

@misc{x3341,
  author       = {M. Aghvamipanah and M. Amini},
  title        = {Activity Recognition Protection for IoT Trigger-Action Platforms},
  year         = {2023},
}

@article{x3342,
  author       = {X. Yuan and P. He and Q. Zhu and X. Li},
  title        = {Adversarial examples: Attacks and defenses for deep learning},
  journal      = {IEEE Transactions on Neural Networks and Learning Systems},
  volume       = {30},
  number       = {9},
  pages        = {2805--2824},
  year         = {2019},
  doi          = {10.1109/TNNLS.2018.2886017},
}

@inproceedings{xyz1,
  title={Contextualized Behavior Patterns for Ambient Assisted Living},
  author={Lago, P. and Jiménez-Guarín, C. and Roncancio, C.},
  booktitle={Proceedings of the Conference},
  year={2015},
  pages={132--145},
  doi={10.1007/978-3-319-24195-1_10},
  url={http://link.springer.com/10.1007/978-3-319-24195-1_10}
}

@incollection{xyz2,
  title={Ambient Intelligence},
  author={Remagnino, P. and Hagras, H. and Monekosso, N. and Velastin, S.},
  booktitle={Ambient Intelligence: A Novel Paradigm},
  year={2006},
  pages={1},
}

@article{xyz3,
  title={Ambient intelligence: Technologies, applications, and opportunities},
  author={Cook, D. J. and Augusto, J. C. and Jakkula, V. R.},
  journal={Pervasive and Mobile Computing},
  volume={5},
  number={4},
  pages={277--298},
  year={2009},
}

@inproceedings{xyz4,
  title={A Context-Aware Hybrid Framework for Human Behavior Analysis},
  author={Mojarad, R. and Attal, F. and Chibani, A. and Amirat, Y.},
  booktitle={Proceedings - International Conference on Tools with Artificial Intelligence, ICTAI},
  volume={2020-Novem},
  pages={460--465},
  year={2020},
  issn={10823409},
  doi={10.1109/ICTAI50040.2020.00078},
}

@article{xyz5,
  title={A fuzzy ontology for semantic modelling and recognition of human behaviour},
  author={Díaz Rodríguez, N. and Cuéllar, M. P. and Lilius, J. and Delgado Calvo-Flores, M.},
  journal={Knowledge-Based Systems},
  volume={66},
  number={November 2018},
  pages={46--60},
  month={Aug},
  year={2014},
  issn={09507051},
  doi={10.1016/j.knosys.2014.04.016},
  url={https://linkinghub.elsevier.com/retrieve/pii/S0950705114001385},
}

@misc{xyz6,
  title={Orange4Home},
  author={{Amiqual4Home}},
  year={2024},
  url={https://amiqual4home.inria.fr/en/orange4home/},
  note={Accessed: 2024-08-12}
}